@Report{CostQuote, 
    title =       "2016 Cost of Data Breach Study: Global Analysis",
    Institute =   "Ponemon Institute",
    URL =         "https://www-01.ibm.com/common/ssi/cgi-bin/ssialias?htmlfid=SEL03094WWEN"
} 
  
@Article{Standard, 
    author =      "Ravi S. Sandhu, David Ferraiolo, Richard Kuhn",
    title =       "American National Standard for Information Technology – Role Based Access Control",
    Institute =   "American national institute of standards and technology and George Mason University",
    URL =         "http://csrc.nist.gov/rbac/rbac-std-ncits.pdf"
} 
  
@Article{Overview1, 
    author =      "Ravi S. Sandhu, David Ferraiolo, Richard Kuhn",
    title =       "The NIST model for RBAC: Towards a unified standard",
    Institute =   "American national institute of standards and technology and George Mason University",
    URL =         "http://csrc.nist.gov/rbac/sandhu-ferraiolo-kuhn-00.pdf"
 }
  
@Article{Hierarch, 
    author =      "Ravi S. Sandhu, Edward J. Coynek, Hal L. Feinsteink and Charles E. Youman",
    title =       "Role-Based Access Control Models",
    journal =     "IEEE Computer",
    volume =      "Vol. 29",
    number =      "2",
    pages =       "38-47",
    year =        "1996",
    Institute =   "SETA Corporation and George Mason University"
 }
  
@Article{Constraint, 
    author =      "Jason Crampton and Hemanth Khambhammettu",
    title =       "A Framework for Enforcing Constrained RBAC Policies",
    Institute =   "Information Security Group, Royal Holloway, University of London",
    URL =         "https://pdfs.semanticscholar.org/f48d/180cfe38cd8660c893998a042b62b4b7d98d.pdf"
}
  
@Article{ABAC, 
    author =      "Vincent C. Hu, David Ferraiolo, Rick Kuhn, Adam Schnitzer, Kenneth Sandlin, Robert Miller, Karen Scarfone",
    title =       "Guide to Attribute Based Access Control (ABAC) Definition and Considerations",
    Institute =   "American national institute of standards",
    journal =     "NIST Special Publication 800-162",
    URL =         "http://nvlpubs.nist.gov/nistpubs/specialpublications/NIST.sp.800-162.pdf"
} 
  
@Article{ABAC2, 
    author =      "Xin Jin, Ram Krishnan and Ravi Sandhu",
    title =       "A Unified Attribute-Based Access Control
    Model Covering DAC, MAC and RBAC",
    Institute =   "Institute for Cyber Security & Department of Computer Science",
    URL =         "http://www.profsandhu.com/confrnc/ifip/ABAC-dbsec12-preprint.pdf"
} 
   
@Article{TBRC, 
    author =      "Sejong Oh, Seog Park",
    title =       "Task-role based access control models",
    journal =     "Information systems",
    volume =      "Vol. 2",
    pages =       "533-562",
    year =        "2003",
    Institute =   "Sogang University Seoul, South Korea"
}

@Article{TBAC2, 
    author =      "Cui-xiao ZHANG, Ying-xin HU，Guo-bing ZHANG",
    title =       "Task-Role Based Dual System Access Control Model",
    journal =     "IJCSNS International Journal of Computer Science and Network Security",
    volume =      "Vol. 6",
    number =      "78",
    year =        "2006",
    Institute =   "Computer Department, Shijiazhuang Railway Institute, Shijiazhuang 050043, P.R.China",
    URL =         "http://paper.ijcsns.org/07_book/200607/200607C14.pdf"
}
  
@Article{OU, 
    author =      "M.Umar Aftab, Amna Nisar, Adeel Ashraf, Burhan Gill, Dr. Asif",
    title =       "RBAC Architecture Design Issues in Institutions Collaborative Environment",
    journal =     "International Journal of Computer Science Issues",
    volume =      "Vol. 10",
    number =      "4",
    year =        "2013",
    Institute =   "National Textile University, Faisalabad, Pakistan",
    URL =        "https://arxiv.org/ftp/arxiv/papers/1310/1310.5962.pdf"
}
  
@Article{Related2,
    author =       "Mohammed ENNAHBAOUI, Said ELHAJJI",
    title =        "Study of Access Control Models",
    conference =   "Proceedings of the World Congress on Engineering",
    volume =       "Vol. II",
    year =         "2013",
    URL =          "http://www.iaeng.org/publication/WCE2013/WCE2013_pp1215-1220.pdf"
} 


@Article{Related1,
    author =       "Sonu Verma , Manjeet Singh and Suresh Kumar",
    title =        "Comparative analysis of Role Base and Attribute Base
    Access Control Model in Semantic Web",
    journal =      "International Journal of Computer Applications",
    volume =       "Vol. 46, No. 18",
    year =         "2012",
    URL =          "https://pdfs.semanticscholar.org/7750/f0bffaff9c3bb66fa7b8dfef2f46daf0525e.pdf"
}

@Article{Related3,
    author =       "Shabnam Mohammad Hasani and Nasser Modiri",
    title =        "Criteria Specifications for the Comparison and Evaluation of Access Control Models",
    journal =      "I. J. Computer Network and Information Security",
    volume =       "Vol. 5",
    pages =        "19-29",
    year =         "2013",
    Institute =   "Department of Computer,Zanjan Branch,Islamic Azad University,Zanjan,Iran",
    URL =          "http://www.mecs-press.net/ijcnis/ijcnis-v5-n5/IJCNIS-V5-N5-3.pdf"
}

@Article{MACDAC,
    author =       "Romuald Thion",
    title =        "Chapter XXXVII: Access Control Models",
    Institute =    "University of Lyon, France",
    URL =          "http://liris.cnrs.fr/romuald.thion/files/RT_Papers/Thion07\%3ACyber\%3AAccess.pdf"
}

@Article{SurveyAC,
    author =       "Nancy Ambritta P., Yogita S. Hande and Santosh A. Darade",
    title =        "A Survey on Access Control Models and Applications",
    journal =      "International Journal of Computer Applications ",
    pages =        "4-6",
    Institute =    "STES’ Sinhgad Institute of Technology and Sciences Department of Computer Engineering Narhe,Pune,India.",
    URL =          "http://research.ijcaonline.org/icinc2016/number2/icinc4797.pdf"
}

@Article{SurveyAC2,
    author =       "Ryan Ausanka-Crues",
    title =        "Methods for Access Control: Advances and Limitations",
    Institute =    "Harvey Mudd College, Claremont, California.",
    URL =          "https://pdfs.semanticscholar.org/6192/f0308dc8d7782b55a0557dfb66f323638853.pdf"
}

@Article{Combined1,
    author =       "D. Richard Kuhn, Edward J. Coyne, Timothy R. Weil",
    title =        "Adding Attributes to Role-Based Access Control",
    journal =      "IEEE Computer",
    volume =       "Vol. 43, No. 6",
    pages =        "79-81",
    year =         "2010",
    Institute =    "National Institute of Standards and Technology, Science Applications International Corp, Raytheon Polar Services Company",
    URL =          "http://csrc.nist.gov/groups/SNS/rbac/documents/kuhn-coyne-weil-10.pdf"
}

@Article{Combined2,
    author =       "Ting Cai, Jian Zheng and Xing Du",
    title =        "A Hybrid Attribute based RBAC Model",
    journal =      "International Journal of Security and Its Applications",
    volume =       "Vol. 9, No. 7",
    pages =        "317-328",
    year =         "2015",
    Institute =    "College of Mobile Telecommunications, Chongqing University of Posts and Telecommunications, Chongqing, China. School of Computer and Information, Chongqing Normal University, Chongqing, China",
    URL =          "http://www.sersc.org/journals/IJSIA/vol9_no7_2015/29.pdf"
}

@Article{Combined3,
    author =       "Mahmood Rajpoot, Q., Jensen, C. D., & Krishnan, R.",
    title =        "Attributes Enhanced Role-Based Access Control Model",
    journal =      "Proceedings of the 12th International Conference on Trust, Privacy and Security in Digital Business",
    pages =        "3-17",
    year =         "2015",
    Institute =    "Department of Applied Mathematics & Computer Science Technical University of Denmark, DK-2800 Kgs. Lyngby, Denmark and Dept. of Elect. and Computer Engg. University of Texas at San Antonio, USA",
    URL =          "http://orbit.dtu.dk/files/110988163/AERBAC_TrustBus_20150618_.pdf"
}